<?xml version="1.0" encoding="UTF-8"?><collection xmlns="http://www.loc.gov/MARC21/slim"><record><leader>00356nam--2200133-i-4500</leader><controlfield tag="001">000029120</controlfield><controlfield tag="002">20161230</controlfield><controlfield tag="005">20161230201037</controlfield><controlfield tag="008">060222s1000------------r-----000-0-eng-d</controlfield><datafield ind1=" " ind2=" " tag="080"><subfield code="a">546.26.027:539.143.43(082.1)</subfield></datafield><datafield ind1=" " ind2=" " tag="245"><subfield code="a">Topics in carbon-13 nmr spectroscopy</subfield></datafield><datafield ind1=" " ind2=" " tag="260"><subfield code="a">New York, John Wiley &amp; Sons, 1974, 292p</subfield></datafield><datafield ind1=" " ind2=" " tag="700"><subfield code="a">Levy, George C</subfield></datafield><datafield ind1=" " ind2=" " tag="852"><subfield code="a">45126</subfield></datafield></record></collection>